<record><leader>00000cas a22000007a 4500</leader><controlfield tag="001">12593438</controlfield><controlfield tag="008">850924d1875187uncuwr ne      0    0eng d</controlfield><datafield ind1=" " ind2=" " tag="010"><subfield code="a">sn 85026792 </subfield></datafield><datafield ind1=" " ind2=" " tag="040"><subfield code="a">NPX</subfield><subfield code="b">eng</subfield><subfield code="c">NPX</subfield><subfield code="d">NVJ</subfield><subfield code="d">OCLCQ</subfield></datafield><datafield ind1=" " ind2=" " tag="042"><subfield code="a">msc</subfield></datafield><datafield ind1="0" ind2="4" tag="245"><subfield code="a">The Mt. Airy watchman.</subfield></datafield><datafield ind1="1" ind2="3" tag="246"><subfield code="a">Mount Airy watchman</subfield></datafield><datafield ind1=" " ind2=" " tag="260"><subfield code="a">Mt. Airy, N.C. :</subfield><subfield code="b">Charles C. Harryman</subfield></datafield><datafield ind1=" " ind2=" " tag="300"><subfield code="a">v.</subfield></datafield><datafield ind1=" " ind2=" " tag="310"><subfield code="a">Weekly</subfield></datafield><datafield ind1="1" ind2=" " tag="362"><subfield code="a">Began in 1875.</subfield></datafield><datafield ind1=" " ind2=" " tag="500"><subfield code="a">Democratic Conservative.</subfield></datafield><datafield ind1=" " ind2=" " tag="588"><subfield code="a">Description based on: Vol. 2, no. 24 (Sept. 16, 1876).</subfield></datafield><datafield ind1=" " ind2=" " tag="752"><subfield code="a">United States</subfield><subfield code="b">North Carolina</subfield><subfield code="c">Surry</subfield><subfield code="d">Mount Airy.</subfield></datafield></record>